@techreport{RFC_2119,
  type = {RFC},
  key = {RFC 2119},
  title = {{Key words for use in RFCs to Indicate Requirement Levels}},
  url = {https://www.ietf.org/rfc/rfc2119.txt},
  year = {1997},
  month = mar
}

@techreport{ISO_C_N2218,
    type = {Proposal},
    key = {ISO JTC1/SC22/WG14 N2218},
    title = {{Signed Integers are Two’s Complement}},
    url = {https://www.open-std.org/jtc1/sc22/wg14/www/docs/n2218.htm},
    institution = {International Organization for Standardization},
    year = {2018},
    month = mar,
}

@techreport{ISO_C_P0907R4,
    type = {Published Proposal},
    key = {ISO JTC1/SC22/WG21 P0907R4},
    title = {{Signed Integers are Two’s Complement}},
    url = {https://www.open-std.org/jtc1/sc22/wg21/docs/papers/2018/p0907r4.html},
    institution = {International Organization for Standardization},
    year = {2018},
    month = oct,
}

@techreport{ISO_F_N2184,
    type = {Working Draft},
    key = {ISO JTC1/SC22/WG5 N2184},
    title = {{Fortran 202x Working Draft (J3/21-007r1)}},
    url = {https://wg5-fortran.org/N2151-N2200/N2184.pdf},
    institution = {International Organization for Standardization},
    year = {2021},
    month = may
}

@techreport{ISO_C_N4860,
    type = {Standard Draft},
    key = {ISO JTC1/SC22/WG21 N4860},
    title = {{C++ Draft International Standard}},
    url = {https://wg21.link/std20},
    institution = {International Organization for Standardization},
    year = {2020},
    month = mar
}

@techreport{IEEE_754,
    type = {Standard},
    key = {IEEE Std 754-2019},
    title = {{IEEE Standard for Floating-Point Arithmetic (Revision of IEEE 754-2008)}},
    url = {https://ieeexplore.ieee.org/document/8766229},
    institution = {Institute of Electrical and Electronics Engineers},
    year = {2019},
    month = jul,
    number = {},
    doi={10.1109/IEEESTD.2019.8766229}
}
